<?xml version="1.0" encoding="UTF-8"?><collection xmlns="http://www.loc.gov/MARC21/slim"><record><leader>00648nam--2200193-i-4500</leader><controlfield tag="001">000020226</controlfield><controlfield tag="002">20161230</controlfield><controlfield tag="005">20170210152612</controlfield><controlfield tag="008">060222s1000------------r-----000-0-fre-d</controlfield><datafield ind1=" " ind2=" " tag="040"><subfield code="a">IFIN-HH</subfield></datafield><datafield ind1=" " ind2=" " tag="041"><subfield code="a">fre</subfield></datafield><datafield ind1=" " ind2=" " tag="080"><subfield code="a">539.19</subfield></datafield><datafield ind1="1" ind2=" " tag="110"><subfield code="a">Centre National De La Recherche Scientifique</subfield></datafield><datafield ind1="1" ind2="0" tag="245"><subfield code="a">Les fondements theoriques des recherches sur les actions intermoleculaires, Bordeaux, 10-15 septembre 1965</subfield></datafield><datafield ind1=" " ind2=" " tag="260"><subfield code="a">Paris</subfield><subfield code="b">Centre National De La Recherche Scientifique</subfield><subfield code="c">1966</subfield></datafield><datafield ind1=" " ind2=" " tag="300"><subfield code="a">336 p</subfield></datafield><datafield ind1=" " ind2=" " tag="490"><subfield code="a">Colloques Nationaux Du Centre National De La Recherche Scientifique</subfield></datafield><datafield ind1=" " ind2=" " tag="852"><subfield code="a">27263</subfield><subfield code="c">539.19</subfield></datafield><datafield ind1=" " ind2=" " tag="CAT"><subfield code="a">SYS</subfield><subfield code="c">20170210</subfield><subfield code="h">152612</subfield></datafield></record></collection>